
@book{stroustrup,
author = {Bjarne Stroustrup},
title = {Programming. Principles and Practice Using C++. 2nd Edition},
address = {NY},
year = {2014},
publisher = {Addison-Wesley},
}

@book{attentionMerchants,
author = {Tim Wu},
title = {The Attention Merchants: The Epic Scramble to Get Inside Our heads},
address = {NY},
year = {2016},
}


